% This file was created with JabRef 2.10.
% Encoding: UTF-8


@InBook{dem:exp3-feinstruktur,
  Title                    = {Experimentalphysik 3: Atome, Moleküle und Festkörper},
  Author                   = {Wolfgang Demtröder},
  Chapter                  = {5},
  Editor                   = {Wolfgang Demtröder},
  Pages                    = {158f.},
  Publisher                = {Springer Spektrum},
  Year                     = {2015},

  Owner                    = {chajia},
  Timestamp                = {2018.10.26}
}
